%\bibitem {dbscan}
@inproceedings{dbscan,
  title={A density-based algorithm for discovering clusters in large spatial databases with noise.},
  author={Ester, Martin and Kriegel, Hans-Peter and Sander, J{\"o}rg and Xu, Xiaowei and others},
  booktitle={SIGKDD},
  pages={226--231},
  year={1996}
}

%\bibitem {imagekmeans}
@inproceedings{imagekmeans,
  title={Determination of number of clusters in k-means clustering and application in colour image segmentation},
  author={Ray, Siddheswar and Turi, Rose H},
  booktitle={ICAPRDT},
  pages={137--143},
  year={1999},
  organization={Calcutta, India}
}

%\bibitem {dp}
@article{dp,
  title={Clustering by fast search and find of density peaks},
  author={Rodriguez, Alex and Laio, Alessandro},
  journal={Science},
  volume={344},
  number={6191},
  pages={1492--1496},
  year={2014},
  publisher={American Association for the Advancement of Science}
}

%\bibitem {imagedp}
@article{imagedp,
  title={A novel clustering-based image segmentation via density peaks algorithm with mid-level feature},
  author={Shi, Yong and Chen, Zhensong and Qi, Zhiquan and Meng, Fan and Cui, Limeng},
  journal={Neural Comput. Appl.},
  volume={28},
  number={1},
  pages={29--39},
  issn={1433-3058},
  year={2017},
  publisher={Springer}
}


%\bibitem {textdp}
@article{textdp,
  title={Semantic expansion using word embedding clustering and convolutional neural network for improving short text classification},
  author={Wang, Peng and Xu, Bo and Xu, Jiaming and Tian, Guanhua and Liu, Cheng-Lin and Hao, Hongwei},
  journal={Neurocomputing},
  volume={174},
  pages={806--814},
  year={2016},
  publisher={Elsevier}
}

%\bibitem {dgf}
@article{dgf,
  title={Delta-density based clustering with a divide-and-conquer strategy: 3DC clustering},
  author={Liang, Zhou and Chen, Pei},
  journal={Pattern Recogn. Lett.},
  volume={73},
  pages={52--59},
  year={2016},
  publisher={Elsevier}
}

%\bibitem {pakdd}
@inproceedings{pakdd,
  title={A precise and robust clustering approach using homophilic degrees of graph kernel},
  author={Yang, Haolin and Zhao, Deli and Cao, Lele and Sun, Fuchun},
  booktitle={PAKDD},
  pages={257--270},
  year={2016},
  organization={Springer}
}

%\bibitem {knowledgebase2017}
@article{knowledgebase2017,
  title={Adaptive density peak clustering based on K-nearest neighbors with aggregating strategy},
  author={Yaohui, Liu and Zhengming, Ma and Fang, Yu},
  journal={Knowl.-Based Syst.},
  volume={133},
  pages={208--220},
  year={2017},
  publisher={Elsevier}
}

%\bibitem {fuzzy}
@article{fuzzy,
  title={A robust density peaks clustering algorithm using fuzzy neighborhood},
  author={Du, Mingjing and Ding, Shifei and Xue, Yu},
  journal={Int. J. Mach. Learn. Cyb.},
  doi={10.1007/s13042-017-0636-1},
  url={https://doi.org/10.1007/s13042-017-0636-1},
  year={2017},
  publisher={Springer}
}

%\bibitem {dphmdataset}
@inproceedings{dphmdataset,
  title={Authority-shift clustering: Hierarchical clustering by authority seeking on graphs},
  author={Cho, Minsu and MuLee, Kyoung},
  booktitle={CVPR},
  pages={3193--3200},
  year={2010},
  organization={IEEE}
}

%\bibitem {hausdorff}
@article{hausdorff,
  title={Hausdorff clustering},
  author={Basalto, Nicolas and Bellotti, Roberto and De Carlo, Francesco and Facchi, Paolo and Pantaleo, Ester and Pascazio, Saverio},
  journal={Phys. Rev. E},
  volume={78},
  number={4},
  pages={046112},
  year={2008},
  publisher={APS}
}

%\bibitem {jain}
@article{jain,
  title={Data clustering: A user's dilemma},
  author={Jain, Anil K and Law, Martin HC},
  journal={Pattern Recognition and Machine Intelligence},
  volume={3776},
  pages={1--10},
  year={2005},
  publisher={Springer}
}

%\bibitem {pathbased}
@article{pathbased,
  title={Robust path-based spectral clustering},
  author={Chang, Hong and Yeung, Dit-Yan},
  journal={Pattern Recogn.},
  volume={41},
  number={1},
  pages={191--203},
  year={2008},
  publisher={Elsevier}
}

%\bibitem {aggregation}
@article{aggregation,
 author = {Gionis, Aristides and Mannila, Heikki and Tsaparas, Panayiotis},
 title = {Clustering Aggregation},
 journal = {ACM Trans. Knowl. Discov. Data},
 volume = {1},
 number = {1},
 year = {2007},
 issn = {1556-4681},
 publisher = {ACM},
} 


%\bibitem {compound}
@article{compound,
  title={Graph-theoretical methods for detecting and describing gestalt clusters},
  author={Zahn, Charles T},
  journal={IEEE Trans. Comput.},
  volume={100},
  number={1},
  pages={68--86},
  year={1971},
  publisher={IEEE}
}

%\bibitem {spiral}
@article{spiral,
  title={Robust path-based spectral clustering},
  author={Chang, Hong and Yeung, Dit-Yan},
  journal={Pattern Recogn.},
  volume={41},
  number={1},
  pages={191--203},
  year={2008},
  publisher={Elsevier}
}

%\bibitem {d31}
@article{d31,
  title={A maximum variance cluster algorithm},
  author={Veenman, Cor J. and Reinders, Marcel J. T. and Backer, Eric},
  journal={IEEE Trans. Pattern Anal. Mach. Intell},
  volume={24},
  number={9},
  pages={1273--1280},
  year={2002},
  publisher={IEEE}
}

%\bibitem {flame}
@article{flame,
  title={FLAME, a novel fuzzy clustering method for the analysis of DNA microarray data},
  author={Fu, Limin and Medico, Enzo},
  journal={BMC Bioinformatics},
  volume={8},
  number={1},
  pages={3},
  year={2007},
  publisher={BioMed Central}
}

%\bibitem {nmi}
@article{nmi,
  title={Cluster ensembles---a knowledge reuse framework for combining multiple partitions},
  author={Strehl, Alexander and Ghosh, Joydeep},
  journal={J. Mach. Learn. Res.},
  volume={3},
  number={Dec},
  pages={583--617},
  year={2002}
}

%\bibitem {car}
@article{car,
  title={Learning to detect objects in images via a sparse, part-based representation},
  author={Agarwal, Shivani and Awan, Aatif and Roth, Dan},
  journal={IEEE Trans. Pattern Anal. Mach. Intell.},
  volume={26},
  number={11},
  pages={1475--1490},
  year={2004},
  publisher={IEEE}
}

@article{iris,
  title={UCI Repository of machine learning databases [http://www. ics. uci. edu/\~{} mlearn/MLRepository. html]. Irvine, CA: University of California},
  author={Blake, Catherine L and Merz, Christopher J},
  journal={Department of Information and Computer Science},
  volume={55},
  year={1998}
}

@article{ap,
  title={Clustering by passing messages between data points},
  author={Frey, Brendan J and Dueck, Delbert},
  journal={Science},
  volume={315},
  number={5814},
  pages={972--976},
  year={2007},
  publisher={American Association for the Advancement of Science}
}

@article{meanshift,
  title={The estimation of the gradient of a density function, with applications in pattern recognition},
  author={Fukunaga, Keinosuke and Hostetler, Larry},
  journal={IEEE Trans. Inf. Theory},
  volume={21},
  number={1},
  pages={32--40},
  year={1975},
  publisher={IEEE}
}